@book{Buffum1909,
    Author = {Buffum, Buff C.},
    Publisher = {Buffum},
    Title = {Arid agriculture; a handbook for the western farmer and stockman},
    Year = {1909}
}

@book{Lush2017,
    Author = {Lush, Jay L.},
    Publisher = {Andesite Press},
    Title = {Animal Breeding Plans},
    Year = {2017}
}

@article{Xudong2000,
    Author = {Xudong, Ye. and Al-Babili, Salim and Kl\"\o ti, Andreas and Zhang, Jing and Lucca, Paola and Beyer, Peter and Potrykus, Ingo},
    Journal = {Science},
    Month = {01},
    Number = {5451},
    Pages = {303-305},
    Title = {Engineering the Provitamin A ($\beta$-Carotene) Biosynthetic Pathway into (Carotenoid-Free) Rice Endosperm},
    Volume = {287},
    Year = {2000}
}

@article{Funke2006,
    Author = {Funke, Todd and Han, Huijong and Healy-Fried, Martha L. and Fischer, Markus and Sch\"\o nbrunn, Ernst},
    Journal = {PNAS},
    Month = {08},
    Number = {35},
    Pages = {13010-13015},
    Title = {Molecular basis for the herbicide resistance of Roundup Ready crops},
    Volume = {103},
    Year = {2006}
}

@article{Paine2005,
    Author = {Paine, Jacqueline A. and Shipton, Catherine A. and Chaggar, Sunandha and Howells, Rhian M. and Kennedy, Mike J. and Vernon, Gareth and Wright, Susan Y. and Hinchliffe, Edward and Adams, Jessica L. and Silverstone, Aron L. and Drake, Rachel},
    Journal = {Nature Biotechnology},
    Month = {03},
    Pages = {482-487},
    Title = {improving the nutritional value of Golden Rice through increased pro-vitamin A content},
    Volume = {23},
    Year = {2005}
}

@article{Berg1975,
    Author = {Berg, Paul and Baltimore, David and Brenner, Sydney and Roblin III, Richard O. and Singer, Maxine F.},
    Journal = {PNAS},
    Month = {06},
    Number = {6},
    Pages = {1981-1984},
    Title = {Summary statement of the Asilomar conference on recombinant DNA molecules},
    Volume = {72},
    Year = {1975}
}

@article{OSU2011,
    Author = {Oklahoma State University},
    Journal = {Oklahoma Cooperative Extension Service, Division of Agricultural Sciences and Natural Resources},
    Month = {09},
    Number = {258},
    Pages = {1-4},
    Title = {Selection of Swine Breeding Stock},
    Year = {2011}
}

@book{Evans2000,
    Author = {Evans, J. Warren},
    Publisher = {Holt Paperbacks},
    Title = {Horses: A Guide to Selection, Care, and Enjoyment},
    Year = {2000}
}

@article{Rojhan2013,
  author = {Rojhan, Susan Y.},
  title = {Glow-in-the-dark Rabbits},
  institution = {MIT},
  year = {2013},
  month = {08}
}

@article{Kretzer1973,
  Title = {Transfer of a human zygote},
  Author = {Kretzer, D De and Dennis, Pascal and Hudson, B. and Leeton, J. F. and Lopata, Alexander and Outch, K. H. and Talbot, James and Wood, C. P.},
  Journal = {Lancet},
  Year = {1973},
  Volume = {2},
  Number = {7831},
  Pages = {728-729}
}

@article{Steptoe1978,
  Title = {Birth after the reimplantation of a human embryo},
  Author = {Steptoe, P. C. and Edwards, R. G.},
  Journal = {Lancet},
  Year = {1978},
  Month = {08},
  Volume = {213},
  Number = {8085},
  Pages = {366}
}

@book{Metzl2019,
    Author = {Metzl, Jamie},
    Publisher = {Sourcebooks},
    Title = {Hacking Darwin, Genetic Engineering and the Future of Humanity},
    Year = {2019}
}

@article{Wetterstrand2019,
  author = {Wetterstrand, Kris A.},
  title = {DNA Sequencing Costs: Data},
  howpublished = {NHGRI Genome Sequencing Program (GSP)},
  url = {https://www.genome.gov/about-genomics/fact-sheets/DNA-Sequencing-Costs-Data},
  year = {2019}
}
